@article{CavenderBares2027,
author = {Cavender-Bares, Jeannine},
journal = {Proceedings of the National Academy of Sciences},
number = {10000},
pages = {1--42},
pmid = {22106283},
title = {{Gator GI tract enhances acorn viability as revealed by hyper-spectral Alligator colonoscopy}},
volume = {1},
year = {2027}
}